@misc{1606.01540,
  Author = {Greg Brockman and Vicki Cheung and Ludwig Pettersson and Jonas Schneider and John Schulman and Jie Tang and Wojciech Zaremba},
  Title = {OpenAI Gym},
  Year = {2016},
  Eprint = {arXiv:1606.01540},
}

@article{journals/corr/LillicrapHPHETS15,
  added-at = {2015-10-01T00:00:00.000+0200},
  author = {Lillicrap, Timothy P. and Hunt, Jonathan J. and Pritzel, Alexander and Heess, Nicolas and Erez, Tom and Tassa, Yuval and Silver, David and Wierstra, Daan},
  biburl = {https://www.bibsonomy.org/bibtex/23fd60842eb3f0ca78c9ac78886bdccb1/dblp},
  ee = {http://arxiv.org/abs/1509.02971},
  interhash = {ca27256847b6d007ec304a3792387470},
  intrahash = {3fd60842eb3f0ca78c9ac78886bdccb1},
  journal = {CoRR},
  keywords = {dblp},
  timestamp = {2015-10-02T11:33:03.000+0200},
  title = {Continuous control with deep reinforcement learning.},
  url = {http://dblp.uni-trier.de/db/journals/corr/corr1509.html#LillicrapHPHETS15},
  volume = {abs/1509.02971},
  year = 2015
}

@conference{GuLilGhaTurLev17,
  title = {Q-Prop: Sample-Efficient Policy Gradient with An Off-Policy Critic},
  author = {Gu, Shixiang and Lillicrap, Timothy and Ghahramani, Zoubin and Turner, Richard E. and Levine, Sergey},
  booktitle = {Proceedings International Conference on Learning Representations 2017},
  publisher = {OpenReviews.net},
  month = apr,
  year = {2017},
  url = {https://openreview.net/pdf?id=rkE3y85ee},
  month_numeric = {4}
}

@article{DBLP:journals/corr/abs-1801-10425,
  author    = {S. Phani Teja and
               Parijat Dewangan and
               Pooja Guhan and
               Abhishek Sarkar and
               K. Madhava Krishna},
  title     = {A Deep Reinforcement Learning Approach for Dynamically Stable Inverse
               Kinematics of Humanoid Robots},
  journal   = {CoRR},
  volume    = {abs/1801.10425},
  year      = {2018},
  url       = {http://arxiv.org/abs/1801.10425},
  archivePrefix = {arXiv},
  eprint    = {1801.10425},
  timestamp = {Fri, 02 Feb 2018 00:00:00 +0100},
  biburl    = {https://dblp.org/rec/bib/journals/corr/abs-1801-10425},
  bibsource = {dblp computer science bibliography, https://dblp.org}
}
