alan@alan-GL62M-7RDX.4606:1521662925